<?xml version="1.0" encoding="UTF-8"?><collection xmlns="http://www.loc.gov/MARC21/slim"><record><leader>00571nam--2200205-i-4500</leader><controlfield tag="001">000047136</controlfield><controlfield tag="002">20161230</controlfield><controlfield tag="005">20170102174024</controlfield><controlfield tag="008">060222s1000------------r-----000-0-rus-d</controlfield><datafield ind1=" " ind2=" " tag="040"><subfield code="a">IFIN-HH</subfield></datafield><datafield ind1=" " ind2=" " tag="041"><subfield code="a">rus</subfield></datafield><datafield ind1=" " ind2=" " tag="080"><subfield code="a">539.1.074.3</subfield></datafield><datafield ind1="1" ind2=" " tag="100"><subfield code="a">Funfer, Ewald</subfield></datafield><datafield ind1="1" ind2="0" tag="245"><subfield code="a">Scetciki izlucenii</subfield><subfield code="c">E. Funfer, H. Neuert</subfield></datafield><datafield ind1=" " ind2=" " tag="260"><subfield code="a">Moskva</subfield><subfield code="b">Atomnoi Nauki Tehniki</subfield><subfield code="c">1961</subfield></datafield><datafield ind1=" " ind2=" " tag="300"><subfield code="a">403 p</subfield></datafield><datafield ind1=" " ind2=" " tag="500"><subfield code="a">Titlul Original In Limba Germana: Zahlrohre Und Szintillationszahler</subfield></datafield><datafield ind1="1" ind2=" " tag="700"><subfield code="a">Neuert, H</subfield></datafield><datafield ind1=" " ind2=" " tag="852"><subfield code="a">8089</subfield><subfield code="c">539.1.07:539.1.08</subfield></datafield><datafield ind1=" " ind2=" " tag="CAT"><subfield code="a">SYS</subfield><subfield code="c">20170102</subfield><subfield code="h">174024</subfield></datafield></record></collection>